@misc{OECD_report,
    author = "{OECD}",
    title = {{List of Unco-operative Tax Havens}},
    howpublished = {\url{http://www.oecd.org/countries/monaco/listofunco-operativetaxhavens.htm}},
    year=2010,
}

@misc{Messi,
    author = "{Le Monde}",
    title = {{« Panama papers » : Messi assure que sa société offshore n’a jamais eu de fonds}},
    howpublished = {\url{ http://www.lemonde.fr/panama-papers/article/2016/04/04/panama-papers-messi-assure-que-sa-societe-offshore-n-a-jamais-eu-de-fonds_4895590_4890278.html}},
    year=2015,
}

@misc{red_cross,
    author = "{NY post}",
    title = {{Panama Papers firm used Red Cross’ name to mask funds}},
    howpublished = {\url{https://nypost.com/2016/04/10/panama-papers-firm-used-red-cross-name-to-mask-funds/}},
    year=2015,
}